<record xmlns="http://www.loc.gov/MARC21/slim" xmlns:xsi="http://www.w3.org/2001/XMLSchema-instance" xsi:schemaLocation="http://www.loc.gov/MARC21/slim http://www.loc.gov/standards/marcxml/schema/MARC21slim.xsd"><leader>01543nam a2200289   4500</leader><controlfield tag="001">001676532</controlfield><controlfield tag="003">NNU</controlfield><controlfield tag="006">m        d        </controlfield><controlfield tag="007">cr cn |||m|||a</controlfield><controlfield tag="008">150223m18979999le      o     000 0 araod</controlfield><datafield ind1=" " ind2=" " tag="040"><subfield code="a">NNU</subfield><subfield code="b">eng</subfield><subfield code="c">NNU</subfield></datafield><datafield ind1="1" ind2=" " tag="100"><subfield code="6">880-01</subfield><subfield code="a">Cheikho, Louis,</subfield><subfield code="d">1859-1927</subfield></datafield><datafield ind1="1" ind2="0" tag="245"><subfield code="6">880-02</subfield><subfield code="a">Riy&#257;&#7693; al-adab f&#299; mar&#257;th&#299; shaw&#257;&#699;ir al-&#699;Arab</subfield><subfield code="h">[electronic resource] /</subfield><subfield code="c">Jama&#699;ahu wa-&#7693;aba&#7789;ahu wa-&#699;allaqa &#7717;aw&#257;shih wa-waqafa &#699;al&#225; &#7789;ab&#699;ihi L&#363;w&#299;s Shaykh&#363; al-Yas&#363;&#699;&#299;.</subfield></datafield><datafield ind1=" " ind2=" " tag="260"><subfield code="6">880-03</subfield><subfield code="a">Bayr&#363;t :</subfield><subfield code="b">al-Ma&#7789;ba&#699;ah al-K&#257;th&#363;l&#299;k&#299;yah.</subfield><subfield code="c">1897-</subfield></datafield><datafield ind1=" " ind2=" " tag="300"><subfield code="a">online resource (v.)</subfield></datafield><datafield ind1=" " ind2=" " tag="500"><subfield code="a">Part of the Arabic Collections Online (ACO) project, contributed by New York Univeristy Libraries.</subfield></datafield><datafield ind1=" " ind2=" " tag="533"><subfield code="a">Electronic reproduction.</subfield><subfield code="b">New York, N.Y. :</subfield><subfield code="c">New York University,</subfield><subfield code="d">2015.</subfield><subfield code="5">NNU</subfield></datafield><datafield ind1=" " ind2="0" tag="650"><subfield code="a">Arabic poetry.</subfield></datafield><datafield ind1="2" ind2=" " tag="710"><subfield code="a">New York University.</subfield><subfield code="b">Libraries.</subfield></datafield><datafield ind1="0" ind2=" " tag="730"><subfield code="a">Arabic Collections Online.</subfield></datafield><datafield ind1="0" ind2="8" tag="776"><subfield code="i">Print version:</subfield><subfield code="a">Cheikho, Louis, 1859-1927 880-01</subfield><subfield code="t">Riy&#257;&#7693; al-adab f&#299; mar&#257;th&#299; shaw&#257;&#699;ir al-&#699;Arab</subfield><subfield code="w">(NNU)001676532</subfield></datafield><datafield ind1="4" ind2="0" tag="856"><subfield code="u">http://hdl.handle.net/2333.1/sn02v977</subfield></datafield><datafield ind1="1" ind2=" " tag="880"><subfield code="6">100-01/</subfield><subfield code="a">&#1588;&#1610;&#1582;&#1608;&#1548; &#1604;&#1608;&#1610;&#1587;&#1548;</subfield><subfield code="d">1859-1927.</subfield></datafield><datafield ind1="1" ind2="0" tag="880"><subfield code="6">245-02/</subfield><subfield code="a">&#1585;&#1610;&#1575;&#1590; &#1575;&#1604;&#1571;&#1583;&#1576; &#1601;&#1610; &#1605;&#1585;&#1575;&#1579;&#1610; &#1588;&#1608;&#1575;&#1593;&#1585; &#1575;&#1604;&#1593;&#1585;&#1576; /</subfield><subfield code="c">&#1580;&#1605;&#1593;&#1607; &#1608; &#1590;&#1576;&#1591;&#1607; &#1608; &#1593;&#1604;&#1602; &#1581;&#1608;&#1575;&#1588;&#1610;&#1607; &#1608; &#1608;&#1602;&#1601; &#1593;&#1604;&#1609; &#1591;&#1576;&#1593;&#1607; &#1604;&#1608;&#1610;&#1587; &#1588;&#1610;&#1582;&#1608; &#1575;&#1604;&#1610;&#1587;&#1608;&#1593;&#1610;.</subfield></datafield><datafield ind1=" " ind2=" " tag="880"><subfield code="6">260-03/</subfield><subfield code="a">&#1576;&#1610;&#1585;&#1608;&#1578; :</subfield><subfield code="b">&#1575;&#1604;&#1605;&#1591;&#1576;&#1593;&#1577; &#1575;&#1604;&#1603;&#1575;&#1579;&#1608;&#1604;&#1610;&#1603;&#1610;&#1577;&#1548;</subfield><subfield code="c">1897-</subfield></datafield><datafield ind1=" " ind2=" " tag="959"><subfield code="a">NNU</subfield><subfield code="b">WEB</subfield><subfield code="c">GENI</subfield><subfield code="t">0</subfield><subfield code="m">Electronic access</subfield><subfield code="s">01</subfield></datafield><datafield ind1=" " ind2=" " tag="999"><subfield code="i">NNU_001676532</subfield><subfield code="s">nyu_aco000060:v.1</subfield></datafield></record>